<?xml version="1.0" encoding="UTF-8"?><collection xmlns="http://www.loc.gov/MARC21/slim"><record><leader>00407nam--2200145-i-4500</leader><controlfield tag="001">000010484</controlfield><controlfield tag="002">20161230</controlfield><controlfield tag="005">20161230201028</controlfield><controlfield tag="008">060222s1000------------r-----000-0-eng-d</controlfield><datafield ind1=" " ind2=" " tag="080"><subfield code="a">530.145.6:541.10</subfield></datafield><datafield ind1=" " ind2=" " tag="100"><subfield code="a">Atkins, P.W</subfield></datafield><datafield ind1=" " ind2=" " tag="245"><subfield code="a">An introduction to quantum chemistry vol. ii : part iii</subfield></datafield><datafield ind1=" " ind2=" " tag="260"><subfield code="a">Oxford, Calderon Prress, 1970 Xvii + 482 P</subfield></datafield><datafield ind1=" " ind2=" " tag="490"><subfield code="a">Molecular Quantum Mechanics</subfield></datafield><datafield ind1=" " ind2=" " tag="852"><subfield code="a">37862</subfield></datafield></record></collection>